@article{maxpoolrep,
author = {Springenberg, Jost and Dosovitskiy, Alexey and Brox, Thomas and Riedmiller, Martin},
year = {2014},
month = {12},
pages = {},
title = {Striving for Simplicity: The All Convolutional Net}
}